@article{Karr2012,
	Author = {Karr, J R and Sanghvi, J C and Macklin, D N and Gutschow, M V and Jacobs, J M and Bolival, Jr, B and Assad-Garcia, N and Glass, J I and Covert, M W},
	Journal = {Cell},
	Number = {2},
	Pages = {389--401},
	Title = {{A whole-cell computational model predicts phenotype from genotype}},
	Volume = {150},
	Year = {2012}}
	
@article{sedml2011,
	Author = {Waltemath, Dagmar and Adams, Richard and Bergmann, Frank and Hucka, Michael and Kolpakov, Fedor and Miller, Andrew and Moraru, Ion and Nickerson, David and Sahle, Sven and Snoep, Jacky and Le Nov\`{e}re, Nicolas},
	Date-Modified = {2015-06-15 03:11:13 +0000},
	Journal = {BMC Syst. Biol.},
	Number = {1},
	Pages = {198},
	Publisher = {BioMed Central Ltd},
	Title = {Reproducible computational biology experiments with {SED-ML}---the {S}imulation {E}xperiment {D}escription {M}arkup {L}anguage},
	Volume = {5},
	Year = {2011}}
	
@article{hucka2003,
	Author = {Hucka, Michael and Finney, Andrew and Sauro, Herbert M. and Bolouri, Hamid and Doyle, John C. and Kitano, Hiroaki and Arkin, Adam P. and Bornstein, Benjamin J. and Bray, Dennis and Cornish-Bowden, Athel and Cuellar, Autumn A. and Dronov, Sergey and Gilles, Ernst-Dieter and Ginkel, Martin and Gor, Victoria and Goryanin, Igor I. and Hedley, Warren J. and Hodgman, T. Charles and Hofmeyr, Jan-Hendrik. and Hunter, Peter J. and Juty, Nick S. and Kasberger, J. L. and Kremling, Andreas and Kummer, Ursula and Nov\`{e}re, Nicolas Le and Loew, Leslie M. and Lucio, Daniel and Mendes, Pedro and Mjolsness, Eric D. and Nakayama, Y. and Nelson, Melanie R. and Nielsen, Poul F. and Sakurada, Takeshi and Schaff, James C. and Shapiro, Bruce E. and Shimizu, Thomas S. and Spence, Hugh D. and Stelling, J\"{o}rg and Takahashi, Koichi and Tomita, Masaru and Wagner, John and Wang, J.},
	Date-Modified = {2015-07-02 03:09:48 +0000},
	Journal = {Bioinformatics},
	Number = {4},
	Pages = {524--531},
	Title = {The {Systems Biology Markup Language} ({SBML}): A Medium for Representation and Exchange of Biochemical Network Models},
	Volume = {19},
	Year = {2003}}
	
@article{cuellar2003overview,
	Author = {Cuellar, Autumn A and Lloyd, Catherine M and Nielsen, Poul F and Bullivant, David P and Nickerson, David P and Hunter, Peter J},
	Journal = {Simulation},
	Number = {12},
	Pages = {740--747},
	Publisher = {Sage Publications},
	Title = {An overview of {CellML} 1.1, a biological model description language},
	Volume = {79},
	Year = {2003}}
	
@webpage{COMBINE2012,
	Author = {{COMBINE}},
	Date-Added = {2015-06-15 03:34:58 +0000},
	Date-Modified = {2015-06-15 03:38:07 +0000},
	Title = {{COMBINE 2012}},
	Url = {http://co.mbine.org/events/COMBINE_2012},
	Bdsk-Url-1 = {http://co.mbine.org/events/COMBINE_2012}}

@article{LeNovereHMMSS09,
	Author = {Nicolas {Le Nov\`{e}re} and Michael Hucka and Huaiyu Mi and Stuart Moodie and Falk Schreiber and Anatoly Sorokin and Emek Demir and Katja Wegner and Mirit Aladjem and Sarala M. Wimalaratne and Frank T. Bergman and Ralph Gauges and Peter Ghazal and Hideya Kawaji and Lu Li and Yukiko Matsuoka and Alice Vill\'{e}ger and Sarah E. Boyd and Laurence Calzone and Melanie Courtot and Ugur Dogrusoz and Tom Freeman and Akira Funahashi and Samik Ghosh and Akiya Jouraku and Sohyoung Kim and Fedor Kolpakov and Augustin Luna and Sven Sahle and Esther Schmidt and Steven Watterson and Guanming Wu and Igor Goryanin and Douglas B. Kell and Chris Sander and Herbert Sauro and Jacky L. Snoep and Kurt Kohn and Hiroaki Kitano},
	Date-Added = {2015-06-12 03:17:02 +0000},
	Date-Modified = {2015-06-12 03:17:14 +0000},
	Journal = {Nat. Biotechnol.},
	Pages = {735--741},
	Title = {{The Systems Biology Graphical Notation}},
	Volume = {27},
	Year = {2009}}

@article {ArkinContext12,
  author = {Cardinale, Stefano and Arkin, Adam Paul},
  title = {Contextualizing context for synthetic biology--identifying causes of failure of synthetic biological systems},
  journal = {Biotechnol. J.},
  volume = {7},
  number = {7},
  publisher = {WILEY-VCH Verlag},
  issn = {1860-7314},
  url = {http://dx.doi.org/10.1002/biot.201200085},
  doi = {10.1002/biot.201200085},
  pages = {856--866},
  keywords = {Complexity, Context, Environment, Gene expression, Synthetic biology},
  year = {2012}
}

@article{easterbrook2014open,
  title={Open code for open science?},
  author={Easterbrook, Steve M},
  journal={Nature Geosci.},
  volume={7},
  number={11},
  pages={779--781},
  year={2014},
  publisher={Nature Publishing Group}
}

@inproceedings{drummond2009replicability,
  title={Replicability is not reproducibility, nor is it good science},
  booktitle={Proc. Eval. Meth. Mach. Learn. Workshop 26th ICML},
  author={Drummond, Chris},
  year={2009},
  crossref = {drummond2009conf}
}

@inproceedings{drummond2009conf,
  title={Proc. Eval. Meth. Mach. Learn. Workshop 26th ICML},
  year={2009},
  venue = {Montreal, Quebec, Canada},
}

@article{goldberg1991every,
  title={What every computer scientist should know about floating-point arithmetic},
  author={Goldberg, David},
  journal={ACM Comput. Surv.},
  volume={23},
  number={1},
  pages={5--48},
  year={1991},
  publisher={ACM}
}

@book{brenan1996numerical,
  title={Numerical solution of initial-value problems in differential-algebraic equations},
  author={Brenan, Kathryn Eleda and Campbell, Stephen L and Petzold, Linda Ruth},
  volume={14},
  year={1996},
  publisher={Philadelphia, PA: SIAM}
}

@article{garijo2013quantifying,
  title={Quantifying reproducibility in computational biology: The case of the tuberculosis drugome},
  author={Garijo, Daniel and Kinnings, Sarah and Xie, Li and Xie, Lei and Zhang, Yinliang and Bourne, Philip E and Gil, Yolanda},
  year={2013},
  journal={PLoS One},
  volume=8,
  number=11,
  pages={e80278}
}

@article{galdzicki2014synthetic,
  title={{The Synthetic Biology Open Language (SBOL) provides a community standard for communicating designs in synthetic biology}},
  author={Galdzicki, Michal and Clancy, Kevin P and Oberortner, Ernst and Pocock, Matthew and Quinn, Jacqueline Y and Rodriguez, Cesar A and Roehner, Nicholas and Wilson, Mandy L and Adam, Laura and Anderson, J Christopher and others},
  journal={Nat. Biotechnol.},
  volume={32},
  number={6},
  pages={545--550},
  year={2014},
  publisher={Nature Publishing Group}
}

@book{holzmann2004spin,
  title={{The SPIN model checker: Primer and reference manual}},
  author={Holzmann, Gerard J},
  volume={1003},
  year={2004},
  publisher={Addison-Wesley Reading}
}

@article{bergan2010coredet,
  title={{CoreDet: A compiler and runtime system for deterministic multithreaded execution}},
  author={Bergan, Tom and Anderson, Owen and Devietti, Joseph and Ceze, Luis and Grossman, Dan},
  journal={ACM SIGARCH Comput. Archit. News},
  volume={38},
  number={1},
  pages={53--64},
  year={2010},
  organization={ACM}
}

@inproceedings{liu2011dthreads,
  title={{Dthreads: Efficient deterministic multithreading}},
  author={Liu, Tongping and Curtsinger, Charlie and Berger, Emery D},
  booktitle={Proc. 23rd ACM Symposium Oper. Syst. Prin.},
  pages={327--336},
  year={2011},
  organization={ACM}
}

@article{gillespie1977exact,
  title={Exact stochastic simulation of coupled chemical reactions},
  author={Gillespie, Daniel T},
  journal={J. Phys. Chem.},
  volume={81},
  number={25},
  pages={2340--2361},
  year={1977},
  publisher={ACS Publications}
}

@article{hucka2003systems,
  title={{The systems biology markup language (SBML): A medium for representation and exchange of biochemical network models}},
  author={Hucka, Michael and Finney, Andrew and Sauro, Herbert M and Bolouri, Hamid and Doyle, John C and Kitano, Hiroaki and Arkin, Adam P and Bornstein, Benjamin J and Bray, Dennis and Cornish-Bowden, Athel and others},
  journal={Bioinformatics},
  volume={19},
  number={4},
  pages={524--531},
  year={2003},
  publisher={Oxford Univ Press}
}

@article{macklin2014future,
  title={The future of whole-cell modeling},
  author={Macklin, Derek N and Ruggero, Nicholas A and Covert, Markus W},
  journal={Current opinion in biotechnology},
  volume={28},
  pages={111--115},
  year={2014},
  publisher={Elsevier}
}

@article{gombert2000mathematical,
  title={Mathematical modelling of metabolism},
  author={Gombert, Andreas Karoly and Nielsen, Jens},
  journal={Current opinion in biotechnology},
  volume={11},
  number={2},
  pages={180--186},
  year={2000},
  publisher={Elsevier}
}

@article{gunawardena2014models,
  title={Models in biology: Accurate descriptions of our pathetic thinking},
  author={Gunawardena, Jeremy},
  journal={BMC biology},
  volume={12},
  number={1},
  pages={29},
  year={2014},
  publisher={BioMed Central Ltd}
}

@article{tomita1999cell,
  title={E-CELL: software environment for whole-cell simulation.},
  author={Tomita, Masaru and Hashimoto, Kenta and Takahashi, Koichi and Shimizu, Thomas Simon and Matsuzaki, Yuri and Miyoshi, Fumihiko and Saito, Kanako and Tanida, Sakura and Yugi, Katsuyuki and Venter, J Craig and others},
  journal={Bioinformatics},
  volume={15},
  number={1},
  pages={72--84},
  year={1999},
  publisher={Oxford Univ Press}
}

@article{toga2015sharing,
  title={Sharing big biomedical data},
  author={Toga, Arthur W and Dinov, Ivo D},
  journal={Journal of Big Data},
  volume={2},
  number={1},
  pages={1--12},
  year={2015},
  publisher={Springer}
}

@article{karr2013wholecellkb,
  title={WholeCellKB: Model organism databases for comprehensive whole-cell models},
  author={Karr, Jonathan R and Sanghvi, Jayodita C and Macklin, Derek N and Arora, Abhishek and Covert, Markus W},
  journal={Nucleic acids research},
  volume={41},
  number={D1},
  pages={D787--D792},
  year={2013},
  publisher={Oxford Univ Press}
}

@article{boulton2012open,
  title={Open your minds and share your results.},
  author={Boulton, Geoffrey},
  journal={Nature},
  volume={486},
  number={7404},
  pages={441--441},
  year={2012}
}

@book{MATLAB:2010,
year = {2010},
author = {MATLAB},
title = {version 7.10.0 (R2010a)},
publisher = {The MathWorks Inc.},
address = {Natick, Massachusetts}
}

@article{le2006biomodels,
  title={BioModels Database: a free, centralized database of curated, published, quantitative kinetic models of biochemical and cellular systems},
  author={Le Novere, Nicolas and Bornstein, Benjamin and Broicher, Alexander and Courtot, Melanie and Donizelli, Marco and Dharuri, Harish and Li, Lu and Sauro, Herbert and Schilstra, Maria and Shapiro, Bruce and others},
  journal={Nucleic acids research},
  volume={34},
  number={suppl 1},
  pages={D689--D691},
  year={2006},
  publisher={Oxford Univ Press}
}

@article{kanehisa2000kegg,
  title={KEGG: kyoto encyclopedia of genes and genomes},
  author={Kanehisa, Minoru and Goto, Susumu},
  journal={Nucleic acids research},
  volume={28},
  number={1},
  pages={27--30},
  year={2000},
  publisher={Oxford Univ Press}
}

@article{caspi2008metacyc,
  title={The MetaCyc Database of metabolic pathways and enzymes and the BioCyc collection of Pathway/Genome Databases},
  author={Caspi, Ron and Foerster, Hartmut and Fulcher, Carol A and Kaipa, Pallavi and Krummenacker, Markus and Latendresse, Mario and Paley, Suzanne and Rhee, Seung Y and Shearer, Alexander G and Tissier, Christophe and others},
  journal={Nucleic acids research},
  volume={36},
  number={suppl 1},
  pages={D623--D631},
  year={2008},
  publisher={Oxford Univ Press}
}

@article{mcdonald2009explorenz,
  title={ExplorEnz: The primary source of the IUBMB enzyme list},
  author={McDonald, Andrew G and Boyce, Sin{\'e}ad and Tipton, Keith F},
  journal={Nucleic acids research},
  volume={37},
  number={suppl 1},
  pages={D593--D597},
  year={2009},
  publisher={Oxford Univ Press}
}

@article{schomburg2002brenda,
  title={BRENDA, enzyme data and metabolic information},
  author={Schomburg, Ida and Chang, Antje and Schomburg, Dietmar},
  journal={Nucleic acids research},
  volume={30},
  number={1},
  pages={47--49},
  year={2002},
  publisher={Oxford Univ Press}
}

@article{drager2014improving,
  title={Improving collaboration by standardization efforts in systems biology},
  author={Dr{\"a}ger, Andreas and Palsson, Bernhard {\O}},
  journal={Frontiers in bioengineering and biotechnology},
  volume={2},
  year={2014},
  publisher={Frontiers Media SA}
}

@article{waltemath2011minimum,
  title={Minimum information about a simulation experiment (MIASE)},
  author={Waltemath, Dagmar and Adams, Richard and Beard, Daniel A and Bergmann, Frank T and Bhalla, Upinder S and Chelliah, Vijayalakshmi and Cooling, Michael T and Cooper, Jonathan and Crampin, Edmund J and Garny, Alan and others},
  journal={PLoS Comp. Biol.},
  volume={7},
  number={4},
  pages={e1001122\_1--e1001122\_4},
  year={2011},
  publisher={Public Library of Science}
}

@article{novere2005minimum,
  title={Minimum information requested in the annotation of biochemical models (MIRIAM)},
  author={Novere, Nicolas Le and Finney, Andrew and Hucka, Michael and Bhalla, Upinder S and Campagne, Fabien and Collado-Vides, Julio and Crampin, Edmund J and Halstead, Matt and Klipp, Edda and Mendes, Pedro and others},
  journal={Nat. Biotechnol.},
  volume={23},
  number={12},
  pages={1509--1515},
  year={2005},
  publisher={Nature Publishing Group}
}

@article{degtyarenko2008chebi,
  title={ChEBI: A database and ontology for chemical entities of biological interest},
  author={Degtyarenko, Kirill and De Matos, Paula and Ennis, Marcus and Hastings, Janna and Zbinden, Martin and McNaught, Alan and Alc{\'a}ntara, Rafael and Darsow, Michael and Guedj, Micka{\"e}l and Ashburner, Michael},
  journal={Nucleic acids research},
  volume={36},
  number={suppl 1},
  pages={D344--D350},
  year={2008},
  publisher={Oxford Univ Press}
}

@article{Begley2015Institutions,
  title={Robust research: Institutions must do their part for reproducibility},
  author={C. Glenn Begley and Alastair M. Buchan and Ulrich Dirnagl},
  journal={Nature News},
  year={2015},
  date={2015-09-1},
  publisher={Nature Publishing Group}
}

@article{freedman2015economics,
  title={The economics of reproducibility in preclinical research},
  author={Freedman, Leonard P and Cockburn, Iain M and Simcoe, Timothy S},
  journal={PLoS Biol.},
  volume={13},
  number={6},
  pages={e1002165},
  year={2015},
  publisher={Public Library of Science}
}

@article{mesirov2010computer,
  title={Computer science. Accessible reproducible research},
  author={Mesirov, Jill P},
  journal={Science},
  volume={327},
  number={5964},
  year={2010},
  publisher={NIH Public Access}
}

@article{bergmann2014combine,
  title={COMBINE archive and OMEX format: One file to share all information to reproduce a modeling project},
  author={Bergmann, Frank T and Adams, Richard and Moodie, Stuart and Cooper, Jonathan and Glont, Mihai and Golebiewski, Martin and Hucka, Michael and Laibe, Camille and Miller, Andrew K and Nickerson, David P and others},
  journal={BMC Bioinf.},
  volume={15},
  number={1},
  pages={369},
  year={2014},
  publisher={BioMed Central Ltd}
}

@inproceedings{lattner2004llvm,
  title={LLVM: A compilation framework for lifelong program analysis \& transformation},
  author={Lattner, Chris and Adve, Vikram},
  booktitle={Code Generation and Optimization, 2004. CGO 2004. International Symposium on},
  pages={75--86},
  year={2004},
  organization={IEEE}
}
